<record><leader>00000cas a22000007a 4500</leader><controlfield tag="001">22442259</controlfield><controlfield tag="008">900927d19261972nyuwr ne      0    0eng d</controlfield><datafield ind1=" " ind2=" " tag="010"><subfield code="a">sn 90066531 </subfield></datafield><datafield ind1=" " ind2=" " tag="040"><subfield code="a">NYS</subfield><subfield code="b">eng</subfield><subfield code="c">NYS</subfield><subfield code="d">OCLCQ</subfield></datafield><datafield ind1=" " ind2=" " tag="042"><subfield code="a">msc</subfield></datafield><datafield ind1="0" ind2="0" tag="245"><subfield code="a">Elbridge courier.</subfield></datafield><datafield ind1=" " ind2=" " tag="260"><subfield code="a">Elbridge, N.Y. :</subfield><subfield code="b">Wood Newspapers</subfield></datafield><datafield ind1=" " ind2=" " tag="300"><subfield code="a">v. ;</subfield><subfield code="c">44 cm.</subfield></datafield><datafield ind1=" " ind2=" " tag="310"><subfield code="a">Weekly</subfield></datafield><datafield ind1="1" ind2=" " tag="362"><subfield code="a">Began in 1926? Ceased in 1972.</subfield></datafield><datafield ind1=" " ind2=" " tag="500"><subfield code="a">Publishers: Onon-Town Pub. Co., Inc., &lt;1946&gt;-1971; Wood Newspapers, Inc., 1971-&lt;Feb. 23, 1972&gt;; Auburn Pub. Co., &lt;Apr. 12, 1972&gt;.</subfield></datafield><datafield ind1=" " ind2=" " tag="588"><subfield code="a">Description based on: Vol. 21, no. 27 (Jan. 5, 1946).</subfield></datafield><datafield ind1=" " ind2="4" tag="651"><subfield code="a">Elbridge (N.Y.)</subfield><subfield code="v">Newspapers.</subfield></datafield><datafield ind1=" " ind2="4" tag="651"><subfield code="a">Baldwinsville (N.Y.)</subfield><subfield code="v">Newspapers.</subfield></datafield><datafield ind1=" " ind2=" " tag="752"><subfield code="a">United States</subfield><subfield code="b">New York</subfield><subfield code="c">Onondaga</subfield><subfield code="d">Elbridge.</subfield></datafield><datafield ind1=" " ind2=" " tag="752"><subfield code="a">United States</subfield><subfield code="b">New York</subfield><subfield code="c">Onondaga</subfield><subfield code="d">Baldwinsville.</subfield></datafield><datafield ind1="0" ind2="7" tag="785"><subfield code="t">Camillus advocate</subfield><subfield code="w">(DLC)sn 90066532</subfield><subfield code="w">(OCoLC)22442165</subfield></datafield><datafield ind1="0" ind2="7" tag="785"><subfield code="t">Jordan leader</subfield><subfield code="w">(DLC)sn 90066530</subfield><subfield code="w">(OCoLC)22442331</subfield></datafield><datafield ind1="0" ind2="7" tag="785"><subfield code="t">Advocate (Camillus, N.Y.)</subfield><subfield code="w">(DLC)sn 90066533</subfield><subfield code="w">(OCoLC)22442467</subfield></datafield><datafield ind1="1" ind2=" " tag="029"><subfield code="a">AU@</subfield><subfield code="b">000025869733</subfield></datafield></record>